@string{AAS={Adv Atmos Sci}}
@string{ACP={Atmos Chem Phys}}
@string{AR={Atmos Res}}
@string{ASL={Atmos Sci Lett}}
@string{ATMOS={Atmosphere-Basel}}
@string{BAMS={B Am Meteorol Soc}}
@string{BLM={Bound-Lay Meteorol}}
@string{BRM={Behav Res Methods}}
@string{BT={Biometrika}}
@string{CC={Climatic Change}}
@string{CD={Clim Dyn}}
@string{EH={Environ Hazards}}
@string{EF={Earth Future}}
@string{EJSSM={E-J Severe Storms Meteorol}}
@string{GEC={Glob Environ Change}}
@string{GMD={Geosci Model Dev}}
@string{GRL={Geophys Res Lett}}
@string{IJC={Int J Climatol}}
@string{JAS={J Atmos Sci}}
@string{JAMC={J Appl Meteorol}}
@string{JAMES={J Adv Model Earth Sy}}
@string{JAOT={J Atmos Ocean Tech}}
@string{JC={J Climate}}
@string{JCAM={J Clim Appl Meteorol}}
@string{JGR={J Geophys Res}}
@string{JGRA={J Geophys Res-Atmos}}
@string{JORS={J Open Res Softw}}
@string{JSS={J Stat Softw}}
@string{MA={Meteorol Appl}}
@string{MAP={Meteorol Atmos Phys}}
@string{MWR={Mon Weather Rev}}
@string{MZ={Meteorol Z}}
@string{NC={Nat Commun}}
@string{NCC={Nat Clim Change}}
@string{NH={Nat Hazards}}
@string{NHESS={Nat Hazards Earth Sys}}
@string{npjCAS={npj Clim Atmos Sci}}
@string{NREE={Nat Rev Earth Environ}}
@string{PNAS={P Natl Acad Sci USA}}
@string{PTRS={Phil. Trans. R. Soc. A}}
@string{QJRMS={Q J Roy Meteor Soc}}
@string{REE={Resour Energy Econ}}
@string{RG={Rev Geophys}}
@string{SD={Sci Data}}
@string{WCS={Weather Clim Soc}}
@string{WCE={Weather Clim Extremes}}
@string{WF={Weather Forecast}}
@string{WIRESCS={WIREs Comput Stat}}

@misc{ABC_2020,
  url    = {https://www.abc.net.au/news/2020-04-20/supercell-storm-causes-widespread-damage-in-central-queensland/12163780},
  author = {Rachel McGhee and Jemima Burt and Karyn Wilson},
  note   = {Australian Broadcasting Corporation (ABC) News, accessed 26 September 2024},
  year   = 2020,
  date   = {20 April 2020},
  title  = {Supercell storm's tennis ball-sized hail causes widespread damage to homes and property}
}

@misc{ABC_2020b,
  author = {Jessica Rendall and Jason Dasey and Anna Hartley and Tara Cassidy},
  note   = {Australian Broadcasting Corporation (ABC) News, accessed 5 December 2024},
  year   = 2020,
  date   = {1 November 2020},
  url    = {https://www.abc.net.au/news/2020-11-01/south-east-queensland-mops-up-after-wild-night-of-weather/12835678},
  title  = {South-east {Q}ueensland mops up after giant hail smashes homes, leaves thousands without power}
}

@misc{ABC_2020c,
  author = {{Australian Broadcasting Corporation}},
  note   = {Australian Broadcasting Corporation (ABC) News, accessed 5 December 2024},
  year   = 2020,
  date   = {20 January 2020},
  url    = {https://www.abc.net.au/news/2020-01-20/hail-storm-in-canberra-damages-cars-smashes-windows/11882472},
  title  = {Hail storm sweeps through {C}anberra, damaging countless cars and smashing windows}
}

@misc{ABC_2020d,
  author = {Paige Cockburn},
  note   = {Australian Broadcasting Corporation (ABC) News, accessed 5 December 2024},
  year   = 2020,
  date   = {20 January 2020},
  url    = {https://www.abc.net.au/news/2020-01-20/bom-issues-severe-storm-warning-as-canberra-smashed/11881538},
  title  = {`{G}iant' hail and wild winds hit {S}ydney, trapping drivers and suspending trains}
}

@misc{ABCB_2024,
  author = {{Australian Building Codes Board (ABCB)}},
  key    = {ABCB},
  year   = 2024,
  title  = { National Construction Code},
  url    = {https://ncc.abcb.gov.au},
  note   = {accessed 22 July 2024}
}

@misc{ABS_2022,
  author = {{Australian Bureau of Statistics (ABS)}},
  title  = {{Australian Bureau of Statistics Jul 2021-Jun 2026, Significant Urban Areas}},
  key    = {ABS},
  year   = {2022},
  note   = {Accessed 13 June 2023},
  url    = {https://www.abs.gov.au/statistics/standards/australian-statistical-geography-standard-asgs-edition-3/jul2021-jun2026/significant-urban-areas-urban-centres-and-localities-section-state/significant-urban-areas}
}

@misc{ABS_2023_national,
  title  = {{Australian Bureau of Statistics} ({J}une 2023), National, state and territory population},
  url    = {https://www.abs.gov.au/statistics/people/population/national-state-and-territory-population/jun-2023},
  author = {{Australian Bureau of Statistics (ABS)}},
  key    = {ABS},
  year   = {2023},
  note   = {Accessed 2 October 2024}
}

@misc{ABS_2023_regional,
  title  = {{Australian Bureau of Statistics} (2022-23), Regional population},
  author = {{Australian Bureau of Statistics (ABS)}},
  key    = {ABS},
  note   = {Accessed October 2024},
  year   = 2023,
  url    = {https://www.abs.gov.au/statistics/people/population/regional-population/2022-23}
}

@misc{ABS_boundaries_2021,
  author = {{Australian Bureau of Statistics}},
  title  = {{Digital boundary files, Australian Statistical Geography Standard (ASGS) Edition 3}},
  date   = {20 July 2021},
  year   = 2021,
  url    = {https://www.abs.gov.au/statistics/standards/australian-statistical-geography-standard-asgs-edition-3/jul2021-jun2026/access-and-downloads/digital-boundary-files},
  note   = {Accessed September 26 2024},
  type = {Dataset}
}

@misc{ACSE_2022,
  author = {{Association of Consulting Structural Engineers (ACSE)}},
  key    = {ASCE},
  year   = 2022,
  title  = {Hail Loading on Roofs. {P}ractice Note Number 19 Version 2},
  pages  = 6,
  url    = {https://www.acse.org.au/wp-content/uploads/2022/03/Practice-Paper-19-Hail-Loading-REVISED-2022.pdf},
  note   = {accessed 22 June 2024}
}

@article{Adams-Selin_WF_2019,
  author  = {Adams-Selin, Rebecca D. and Clark, Adam J. and Melick, Christopher J. and Dembek, Scott R. and Jirak, Israel L. and Ziegler, Conrad L.},
  title   = {Evolution of {WRF-HAILCAST} during the 2014â€“16 {NOAA}/{H}azardous {W}eather {T}estbed Spring Forecasting Experiments},
  journal = WF,
  volume  = {34},
  number  = {1},
  pages   = {61-79},
  issn    = {0882-8156},
  doi     = {10.1175/waf-d-18-0024.1},
  year    = {2019}
}

@misc{AFR_2020,
  author = {Liam Walsh},
  title  = {How insurers tally disaster claims in a lockdown},
  note   = {Australian Financial Review, accessed 5 December 2024},
  url    = {https://www.afr.com/companies/financial-services/how-insurers-tally-disaster-claims-in-a-lockdown-20200715-p55ca4},
  date   = {July 17 2020},
  year   = 2020
}

@report{AIDR_2020,
  author = {{Australian Institute for Disaster Resilience (AIDR)}},
  key    = {AIDR},
  year   = 2020,
  title  = {Major Incidents Report 2019-20},
  url    = {https://knowledge.aidr.org.au/media/8049/aidr_major-incidents-report_2019-20.pdf},
  note   = {Accessed 25 September 2024}
}

@report{AIDR_2021,
  author = {{Australian Institute for Disaster Resilience (AIDR)}},
  key    = {AIDR},
  year   = 2021,
  title  = {Major Incidents Report 2020-21},
  url    = {https://knowledge.aidr.org.au/media/8975/aidr_major-incidents-report_2020-21.pdf},
  note   = {Accessed 25 September 2024}
}

@misc{Allen_2018,
  author    = {John T. Allen},
  title     = {Climate Change and Severe Thunderstorms},
  year      = {2018},
  month     = {07},
  publisher = {Oxford University Press},
  doi       = {10.1093/acrefore/9780190228620.013.62}
}

@article{Allen_JC_2014,
  author  = {Allen, John T. and Karoly, David J. and Walsh, Kevin J.},
  title   = {Future {A}ustralian Severe Thunderstorm Environments. {Part II}: The Influence of a Strongly Warming Climate on Convective Environments},
  journal = JC,
  volume  = {27},
  number  = {10},
  pages   = {3848-3868},
  doi     = {10.1175/JCLI-D-13-00426.1},
  year    = {2014}
}

@article{Bedka_JAMC_2018,
  author  = {Bedka, Kristopher M. and Allen, John T. and Punge, Heinz Jurgen and Kunz, Michael and Simanovic, Denis},
  title   = {A Long-Term Overshooting Convective Cloud-Top Detection Database over {A}ustralia Derived from {MTSAT} {J}apanese Advanced Meteorological Imager Observations},
  journal = JAMC,
  volume  = {57},
  number  = {4},
  pages   = {937-951},
  issn    = {1558-8424},
  doi     = {10.1175/JAMC-D-17-0056.1},
  year    = {2018}
}

@article{Bell_WF_2023,
  author    = {Jordan R. Bell and Emily F. Wisinski and Andrew L. Molthan and Christopher J. Schultz and Emma Gilligan and Kaylee G. Sharp},
  title     = {Developing a Hail and Wind Damage Swath Event Database from Daily {MODIS} True Color Imagery and Storm Reports for Impact Analysis and Applications},
  journal   = WF,
  year      = {2023},
  publisher = {American Meteorological Society},
  address   = {Boston MA, USA},
  volume    = {38},
  number    = {9},
  doi       = {10.1175/WAF-D-22-0210.1},
  pages     = {1575 - 1588}
}

@misc{BOM_2020,
  author = {{Australian Bureau of Meteorology}},
  title  = {Queensland in {O}ctober 2020: above average rainfall in parts; widespread storms in the south-east},
  date   = {2 November 2020},
  note   = {accessed 31 July 2023},
  url    = {http://www.bom.gov.au/climate/current/month/qld/archive/202010.summary.shtml},
  year   = 2020
}

@misc{BOM_2021,
  author = {{Australian Bureau of Meteorology}},
  title  = {BUREAU EXPERT EXPLAINS GIANT HAIL PHENOMENON},
  date   = {27 October 2021},
  note   = {Media release, accessed 31 July 2023},
  url    = {https://media.bom.gov.au/releases/908/bureau-expert-explains-giant-hail-phenomenon/},
  year   = 2021
}

@misc{BOM_2024,
  author = {{Australian Bureau of Meteorology}},
  title  = {Analysis Chart Archive},
  note   = {Accessed 5 December 2023},
  url    = {http://www.bom.gov.au/australia/charts/archive/index.shtml},
  year   = 2024
}

@inbook{Brimelow_2018,
  author    = {Brimelow, Julian},
  title     = {Hail and Hailstorms},
  booktitle = {Oxford Research Encyclopedia of Climate Science},
  publisher = {Oxford Univ. Press},
  doi       = {10.1093/acrefore/9780190228620.013.666},
  url       = {https://oxfordre.com/climatescience/view/10.1093/acrefore/9780190228620.001.0001/acrefore-9780190228620-e-666},
  year      = {2018},
  type      = {Book Section}
}

@article{Brimelow_WF_2002,
  author  = {Brimelow, Julian C. and Reuter, Gerhard W. and Poolman, Eugene R.},
  title   = {Modeling Maximum Hail Size in {A}lberta Thunderstorms},
  journal = WF,
  volume  = {17},
  number  = {5},
  pages   = {1048-1062},
  doi     = {10.1175/1520-0434(2002)017<1048:MMHSIA>2.0.CO;2},
  year    = {2002}
}

@article{Brook_MWR_2024,
  author    = {Jordan P. Brook and Joshua S. Soderholm and Alain Protat and Hamish McGowan and Robert A. Warren},
  title     = {A Radar-Based Hail Climatology of {A}ustralia},
  journal   = MWR,
  year      = {2024},
  publisher = {American Meteorological Society},
  address   = {Boston MA, USA},
  volume    = {152},
  number    = {2},
  doi       = {10.1175/MWR-D-23-0130.1},
  pages     = {607 - 628}
}

@article{Brooks_AR_2013,
  author  = {Brooks, H. E.},
  title   = {Severe thunderstorms and climate change},
  journal = AR,
  volume  = {123},
  pages   = {129-138},
  issn    = {0169-8095},
  doi     = {10.1016/j.atmosres.2012.04.002},
  year    = {2013}
}

@article{Brown_JGRA_2021,
  author  = {Brown, Andrew and Dowdy, Andrew},
  title   = {Severe Convective Wind Environments and Future Projected Changes in {A}ustralia},
  journal = JGRA,
  volume  = {126},
  number  = {16},
  pages   = {e2021JD034633},
  doi     = {10.1029/2021JD034633},
  note    = {e2021JD034633 2021JD034633},
  year    = {2021}
}



@article{Brown_NHESS_2024,
  author  = {Brown, A. and Dowdy, A. and Lane, T. P.},
  title   = {Convection-permitting climate model representation of severe convective wind gusts and future changes in southeastern {A}ustralia},
  journal = NHESS,
  volume  = {24},
  year    = {2024},
  number  = {9},
  pages   = {3225--3243},
  doi     = {10.5194/nhess-24-3225-2024}
}

@article{Brown_WCS_2015,
  author    = {Brown, Tanya M. and Pogorzelski, William H. and Giammanco, Ian M.},
  title     = {Evaluating Hail Damage Using Property Insurance Claims Data},
  journal   = WCS,
  year      = {2015},
  publisher = {American Meteorological Society},
  address   = {Boston MA, USA},
  volume    = {7},
  number    = {3},
  doi       = {10.1175/WCAS-D-15-0011.1},
  pages     = {197 - 210},
  url       = {https://journals.ametsoc.org/view/journals/wcas/7/3/wcas-d-15-0011_1.xml}
}

@mastersthesis{Carletta_2010,
  author = {Nicholas D. Carletta},
  school = {Department of Geological and Atmospheric Sciences. Iowa State University},
  title  = {Severe Wind-Driven Hail Events: Dependence on Convective Morphology and Larger-Scale Environment},
  year   = {2010},
  url    = {https://meteor.geol.iastate.edu/~ncarlett/portfolio/Senior_Thesis_Carletta_Final.pdf},
  note   = {accessed 22 July 2024}
}

@techreport{Changnon_2009,
  author      = {Changnon, Stanley A. and Changnon, David and Hilberg, Steven D.},
  title       = {Hailstorms Across the Nation: An Atlas about Hail and Its Damages},
  institution = {Illinois State Water Survey},
  number      = {Contract Report 2009-12},
  month       = {2009},
  year        = {2009},
  type        = {Report}
}

@article{Changnon_JAMC_1967,
  author    = {Stanley A.  Changnon },
  title     = {Areal-Temporal Variations of Hail Intensity in {I}llinois},
  journal   = JAMC,
  year      = {1967},
  publisher = {American Meteorological Society},
  address   = {Boston MA, USA},
  volume    = {6},
  number    = {3},
  doi       = {10.1175/1520-0450(1967)006<0536:ATVOHI>2.0.CO;2},
  pages     = {536 - 541}
}

@article{Chen_JC_2020,
  author  = {Chen, Jiao  and Dai, Aiguo  and Zhang, Yaocun  and Rasmussen, Kristen L. },
  title   = {Changes in Convective Available Potential Energy and Convective Inhibition under Global Warming},
  journal = JC,
  volume  = {33},
  number  = {6},
  pages   = {2025-2050},
  doi     = {10.1175/jcli-d-19-0461.1},
  year    = {2020}
}

@book{Coles_2001,
  title     = {An introduction to statistical modeling of extreme values},
  author    = {Coles, Stuart},
  pages     = {XIV, 209},
  year      = {2001},
  publisher = {Springer London},
  isbn      = {978-1-85233-459-8},
  edition   = {1},
  doi       = {10.1007/978-1-4471-3675-0}
}

@techreport{Dowdy_2021,
  author      = {Andrew Dowdy and Andrew Brown and Acacia Pepler and Marcus Thatcher and Tony Rafter and Jason Evans and Hua Ye and Chun-Hsu Su and Samuel Bell and Christian Stassen},
  title       = {Extreme temperature, wind and bushfire weather projections using a standardised method},
  isbn        = {978-1-925738-32-2},
  issn        = {2206-3366},
  url         = {http://www.bom.gov.au/research/publications/researchreports/BRR-055.pdf},
  year        = 2021,
  note        = {Bureau Research Report No. 055 (BRR055)},
  institution = {Bureau of Meteorology},
  month       = {July}
}

@article{Dowdy_CD_2020,
  author  = {Dowdy, Andrew J.},
  title   = {Climatology of thunderstorms, convective rainfall and dry lightning environments in {A}ustralia},
  journal = CD,
  volume  = {54},
  number  = {5},
  pages   = {3041-3052},
  issn    = {1432-0894},
  doi     = {10.1007/s00382-020-05167-9},
  year    = {2020}
}

@article{Eccel_IJC_2012,
  author  = {Eccel, Emanuele and Cau, Piero and Riemann-Campe, Kathrin and Biasioli, Franco},
  title   = {Quantitative hail monitoring in an Alpine area: 35-year climatology and links with atmospheric variables},
  journal = IJC,
  volume  = {32},
  number  = {4},
  pages   = {503-517},
  doi     = {10.1002/joc.2291},
  year    = {2012}
}

@article{ElRafei_WCE_2023,
  title   = {Analysis of extreme wind gusts using a high-resolution {A}ustralian Regional Reanalysis},
  journal = WCE,
  volume  = {39},
  pages   = {100537},
  year    = {2023},
  issn    = {2212-0947},
  doi     = {10.1016/j.wace.2022.100537},
  author  = {Moutassem {El Rafei} and Steven Sherwood and Jason P. Evans and Fei Ji}
}

@misc{EWN_2020,
  url    = {https://www.earlywarningnetwork.com.au/news/record-hailstorms-lash-central-queensland},
  title  = {Record hailstorms lash {C}entral {Q}ueensland},
  year   = 2020,
  author = {{Early Warning Network}},
  note   = {Accessed 26 September 2024}
}

@article{Eyring_GMD_2016,
  author  = {Eyring, V. and Bony, S. and Meehl, G. A. and Senior, C. A. and Stevens, B. and Stouffer, R. J. and Taylor, K. E.},
  title   = {Overview of the {Coupled Model Intercomparison Project Phase 6 (CMIP6})
             experimental design and organization},
  journal = GMD,
  volume  = {9},
  year    = {2016},
  number  = {5},
  pages   = {1937--1958},
  doi     = {10.5194/gmd-9-1937-2016}
}

@article{Gensini_npjCAS_2024,
  author  = {Gensini, Vittorio A. and Ashley, Walker S. and Michaelis, Allison C. and Haberlie, Alex M. and Goodin, Jillian and Wallace, Brendan C.},
  title   = {Hailstone size dichotomy in a warming climate},
  journal = npjCAS,
  volume  = {7},
  number  = {1},
  pages   = {185},
  issn    = {2397-3722},
  doi     = {10.1038/s41612-024-00728-9},
  year    = {2024}
}

@article{Gilleland_JSS_2016,
  title   = {{extRemes} 2.0: An Extreme Value Analysis Package in {R}},
  author  = {Eric Gilleland and Richard W. Katz},
  journal = JSS,
  year    = {2016},
  volume  = {72},
  number  = {8},
  pages   = {1--39},
  doi     = {10.18637/jss.v072.i08},
  type = {Software}
}

@article{Greco_WF_2024,
  author  = {Greco, Isabelle C and Sherwood, Steven C and Raupach, Timothy H and Abramowitz, Gab},
  title   = {A Bayesian framework for the probabilistic interpretation of radar observations and severe hailstorm reports},
  journal = {Weather and Forecasting},
  issn    = {0882-8156},
  doi     = {10.1175/WAF-D-24-0019.1},
  year    = {2024}
}

@inbook{Gutierrez_2021,
  author    = {Guti\'errez, J.M. and Jones, R.G. and Narisma, G.T. and Alves, L.M. and Amjad, M. and Gorodetskaya, I.V. and Grose, M. and Klutse, N.A.B. and Krakovska, S. and Li, J. and MartÃ­nez-Castro, D. and Mearns, L.O. and Mernild, S.H. and Ngo-Duc, T. and van den Hurk, B. and Yoon, J.-H.},
  title     = {Atlas},
  booktitle = {Climate Change 2021: The Physical Science Basis. {C}ontribution of Working Group {I} to the {Sixth Assessment Report} of the {Intergovernmental Panel on Climate Change}},
  editor    = {Masson-Delmotte, V.  and Zhai, P. and Pirani, A. and Connors, S.L. and P\'ean, C. and Berger, S. and Caud, N. and Chen, Y. and Goldfarb, L. and Gomis, M.I. and Huang, M. and Leitzell, K. and Lonnoy, E. and Matthews, J.B.R. and Maycock, T.K. and Waterfield, T. and Yelek\,ci, O. and Yu, R. and Zhou, B.},
  publisher = {Cambridge University Press},
  address   = {Cambridge, United Kingdom and New York, NY, USA},
  pages     = {1927â€“2058},
  doi       = {10.1017/9781009157896.021},
  year      = {2021}
}
@article{Hersbach_QJRMS_2020,
  author  = {Hersbach, Hans and Bell, Bill and Berrisford, Paul and
             Hirahara, Shoji and Hor\'anyi, Andr\'as and Mu\~noz-Sabater,
             Joaqu\'in and Nicolas, Julien and Peubey, Carole and Radu, Raluca and
             Schepers, Dinand and Simmons, Adrian and Soci, Cornel and Abdalla,
             Saleh and Abellan, Xavier and Balsamo, Gianpaolo and Bechtold,
             Peter and Biavati, Gionata and Bidlot, Jean and Bonavita, Massimo and
             De Chiara, Giovanna and Dahlgren, Per and Dee, Dick and Diamantakis,
             Michail and Dragani, Rossana and Flemming, Johannes and
             Forbes, Richard and Fuentes, Manuel and Geer, Alan and
             Haimberger, Leo and Healy, Sean and Hogan, Robin J. and H\'olm, El\'ias
             and Janiskov\'a, Marta and Keeley, Sarah and Laloyaux, Patrick and
             Lopez, Philippe and Lupu, Cristina and Radnoti, Gabor and de Rosnay,
             Patricia and Rozum, Iryna and Vamborg, Freja and Villaume, Sebastien and
             Th\'epaut, Jean-No\"el},
  title   = {The {ERA5} global reanalysis},
  journal = QJRMS,
  volume  = {146},
  number  = {730},
  pages   = {1999-2049},
  issn    = {0035-9009},
  doi     = {10.1002/qj.3803},
  year    = {2020}
}

@article{Hong_MWR_2006,
  author    = {Song-You Hong and Yign Noh and Jimy Dudhia},
  title     = {A New Vertical Diffusion Package with an Explicit Treatment of Entrainment Processes},
  journal   = MWR,
  year      = {2006},
  publisher = {American Meteorological Society},
  address   = {Boston MA, USA},
  volume    = {134},
  number    = {9},
  doi       = {10.1175/MWR3199.1},
  pages     = {2318 - 2341}
}

@article{Iacono_JGRA_2008,
  author  = {Iacono, Michael J. and Delamere, Jennifer S. and Mlawer, Eli J. and Shephard, Mark W. and Clough, Shepard A. and Collins, William D.},
  title   = {Radiative forcing by long-lived greenhouse gases: Calculations with the {AER} radiative transfer models},
  journal = JGRA,
  volume  = {113},
  number  = {D13},
  pages   = {},
  doi     = {10.1029/2008JD009944},
  year    = {2008}
}

@misc{ICA_2024,
  author = {{Insurance Council of Australia}},
  key    = {ICA},
  year   = 2024,
  title  = {Insurance Council of {A}ustralia ({ICA}) Historical Normalised Catastrophes, {J}une 2024},
  url    = {https://insurancecouncil.com.au/wp-content/uploads/2024/07/ICA-Historical-Normalised-Catastrophe-June-2024.xlsx},
  note   = {accessed 22 July 2024},
  type = {Dataset}
}

@misc{ICC_2008,
  author = {{International Code Council}},
  year   = 2008,
  title  = {International Building Code - Structural},
  url    = {https://www.iccsafe.org/cs/codes/Documents/2007-08cycle/FAA/IBC-S1-S141-P2.pdf},
  note   = {accessed 22 July 2024}
}

@misc{ICLR_2018,
  author = {{Institute for Catastrophic Loss Reduction}},
  year   = 2018,
  title  = {Protect your home from Hail},
  isbn   = {978-1-927929-11-7},
  url    = {https://www.iclr.org/wp-content/uploads/2021/04/ICLR_Hail-2020_E_2021.pdf},
  note   = {accessed 22 July 2024}
}

@incollection{IPCC_2021_WGI_Ch_11,
  address   = {Cambridge, UK and New York, NY, USA},
  author    = {Seneviratne, S.I. and Zhang, X. and Adnan, M. and Badi, W. and Dereczynski, C. and Di Luca, A. and Ghosh, S. and Iskandar, I. and Kossin, J. and Lewis, S. and Otto, F. and Pinto, I. and Satoh, M. and Vicente-Serrano, S.M. and Wehner, M. and Zhou, B.},
  booktitle = {Climate Change 2021: The Physical Science Basis. Contribution of Working Group I to the Sixth Assessment Report of the Intergovernmental Panel on Climate Change},
  chapter   = {11},
  doi       = {10.1017/9781009157896.013},
  editor    = {Masson-Delmotte, V. and Zhai, P. and Pirani, A. and Connors, S. L. and PÃ©an, C. and Berger, S. and Caud, N. and Chen, Y. and Goldfarb, L. and Gomis, M. I. and Huang, M. and Leitzell, K. and Lonnoy, E. and Matthews, J. B. R. and Maycock, T. K. and Waterfield, T. and YelekÃ§i, O. and Yu, R. and Zhou, B.},
  pages     = {1513-1765},
  publisher = {Cambridge University Press},
  title     = {Weather and Climate Extreme Events in a Changing Climate},
  url       = {https://www.ipcc.ch/report/ar6/wg1/downloads/report/IPCC_AR6_WGI_Chapter11.pdf},
  year      = {2021}
}

@misc{Ipswich_2021,
  author = {{City of Ipswich}},
  title  = {Hailstorm damage assessments monitor reconstruction progress},
  date   = {2 March 2021},
  note   = {media release, accessed 5 December 2024},
  url    = {https://www.ipswich.qld.gov.au/about_council/media/media-releases/articles/2020/hailstorm-damage-assessments-monitor-reconstruction-progress},
  year   = 2021
}

@article{Jimenez_MWR_2012,
  author    = {Pedro A. Jim\'enez and Jimy Dudhia and J. Fidel Gonz\'alez-Rouco and Jorge Navarro and Juan P. Mont\'avez and Elena Garc\'ia-Bustamante},
  title     = {A Revised Scheme for the {WRF} Surface Layer Formulation},
  journal   = MWR,
  year      = {2012},
  publisher = {American Meteorological Society},
  address   = {Boston MA, USA},
  volume    = {140},
  number    = {3},
  doi       = {10.1175/MWR-D-11-00056.1},
  pages     = {898 - 918}
}

@incollection{Kunz_2017,
  title     = {3.4 {Severe Convective Storms}},
  author    = {Michael Kunz and Peter Geissbuehler},
  booktitle = {Natural Catastrophe Risk Management and Modelling : A Practitioner's Guide},
  publisher = {John Wiley \& Sons, Incorporated},
  address   = {Newark, United Kingdom},
  isbn      = {9781118906064},
  year      = {2017},
  editor    = {Mitchell-Wallace, Kirsten and Jones, Matthew and Hillier, John and Foote, Matthew}
}

@article{Lepore_EF_2021,
  author  = {Lepore, Chiara and Abernathey, Ryan and Henderson, Naomi and Allen, John T. and Tippett, Michael K.},
  title   = {Future Global Convective Environments in {CMIP6} Models},
  journal = EF,
  volume  = {9},
  number  = {12},
  pages   = {e2021EF002277},
  doi     = {10.1029/2021EF002277},
  note    = {e2021EF002277 2021EF002277},
  year    = {2021}
}

@article{Leslie_AR_2008,
  author  = {Leslie, Lance M. and Leplastrier, Mark and Buckley, Bruce W.},
  title   = {Estimating future trends in severe hailstorms over the {S}ydney Basin: A climate modelling study},
  journal = AR,
  volume  = {87},
  number  = {1},
  pages   = {37-51},
  issn    = {0169-8095},
  doi     = {10.1016/j.atmosres.2007.06.006},
  year    = {2008}
}

@article{McMaster_NH_2001,
  author  = {McMaster, Heather},
  title   = {Hailstorm Risk Assessment in Rural {New South Wales}},
  journal = NH,
  volume  = {24},
  number  = {2},
  pages   = {187-196},
  issn    = {1573-0840},
  doi     = {10.1023/A:1011820206279},
  year    = {2001}
}

@article{Milbrandt_JAS_2021,
  author    = {Jason A. Milbrandt and Hugh Morrison and Daniel T. Dawson {II} and Marco Paukert},
  title     = {A Triple-Moment Representation of Ice in the Predicted Particle Properties ({P3}) Microphysics Scheme},
  journal   = JAS,
  year      = {2021},
  publisher = {American Meteorological Society},
  address   = {Boston MA, USA},
  volume    = {78},
  number    = {2},
  doi       = {10.1175/JAS-D-20-0084.1},
  pages     = {439 - 458}
}

@article{Mohamed_WCE_2024,
  title   = {Multivariate analysis of compound hail, wind and rainfall extremes in Alberta's hail alley},
  journal = WCE,
  volume  = {46},
  pages   = {100718},
  year    = {2024},
  issn    = {2212-0947},
  doi     = {10.1016/j.wace.2024.100718},
  author  = {Issam Mohamed and Mohammad Reza Najafi and Paul Joe and Julian Brimelow}
}

@article{Morgan_JAMC_1976,
  author    = {Griffith M.  Morgan  and Neil G.  Towery},
  title     = {On the Role of Strong Winds in Damage to Crops by Hail and Its Estimation with a Simple Instrument},
  journal   = JAMC,
  year      = {1976},
  publisher = {American Meteorological Society},
  address   = {Boston MA, USA},
  volume    = {15},
  number    = {8},
  doi       = {10.1175/1520-0450(1976)015<0891:OTROSW>2.0.CO;2},
  pages     = {891 - 898}
}

@article{Niall_IJC_2005,
  author  = {Niall, Stephanie and Walsh, Kevin},
  title   = {The impact of climate change on hailstorms in southeastern {A}ustralia},
  journal = IJC,
  volume  = {25},
  number  = {14},
  pages   = {1933-1952},
  doi     = {10.1002/joc.1233},
  year    = {2005}
}

@article{Niu_JGRA_2011,
  author  = {Niu, Guo-Yue and Yang, Zong-Liang and Mitchell, Kenneth E. and Chen, Fei and Ek, Michael B. and Barlage, Michael and Kumar, Anil and Manning, Kevin and Niyogi, Dev and Rosero, Enrique and Tewari, Mukul and Xia, Youlong},
  title   = {The community {N}oah land surface model with multiparameterization options ({Noah-MP}): 1. {M}odel description and evaluation with local-scale measurements},
  journal = JGRA,
  volume  = {116},
  number  = {D12},
  doi     = {10.1029/2010JD015139},
  year    = {2011}
}

@article{ONeill_GEC_2017,
  title   = {The roads ahead: Narratives for shared socioeconomic pathways describing world futures in the 21st century},
  journal = GEC,
  volume  = {42},
  pages   = {169-180},
  year    = {2017},
  issn    = {0959-3780},
  doi     = {10.1016/j.gloenvcha.2015.01.004},
  author  = {Brian C. Oâ€™Neill and Elmar Kriegler and Kristie L. Ebi and Eric Kemp-Benedict and Keywan Riahi and Dale S. Rothman and Bas J. {van Ruijven} and Detlef P. {van Vuuren} and Joern Birkmann and Kasper Kok and Marc Levy and William Solecki}
}

@article{Prein_NCC_2023,
  author  = {Prein, Andreas F.},
  title   = {Thunderstorm straight line winds intensify with climate change},
  journal = NCC,
  volume  = {13},
  number  = {12},
  pages   = {1353-1359},
  issn    = {1758-6798},
  doi     = {10.1038/s41558-023-01852-9},
  year    = {2023}
}

@article{Prein_PTRS_2021,
  author  = {Prein, A. F.  and Rasmussen, R. M.  and Wang, D.  and Giangrande, S. E. },
  title   = {Sensitivity of organized convective storms to model grid spacing in current and future climates},
  journal = PTRS,
  volume  = {379},
  number  = {2195},
  pages   = {20190546},
  year    = {2021},
  doi     = {10.1098/rsta.2019.0546}
}

@article{Brimelow_NCC_2017,
   author = {Brimelow, Julian C. and Burrows, William R. and Hanesiak, John M.},
   title = {The changing hail threat over {N}orth {A}merica in response to anthropogenic climate change},
   journal = NCC,
   volume = {7},
   number = {7},
   pages = {516-523},
   DOI = {10.1038/nclimate3321},
   year = {2017}
}

@manual{R_software,
  title        = {R: A Language and Environment for Statistical Computing},
  author       = {{R Core Team}},
  organization = {R Foundation for Statistical Computing},
  address      = {Vienna, Austria},
  year         = {2023},
  url          = {https://www.R-project.org/},
  type = {Software}
}

@article{Raupach_MWR_2023,
  author    = {Timothy H. Raupach and Joshua Soderholm and Alain Protat and Steven C. Sherwood},
  title     = {An Improved Instabilityâ€“Shear Hail Proxy for {A}ustralia},
  journal   = MWR,
  year      = {2023},
  publisher = {American Meteorological Society},
  address   = {Boston MA, USA},
  volume    = {151},
  number    = {2},
  doi       = {10.1175/MWR-D-22-0127.1},
  pages     = {545-567}
}

@article{Raupach_npjCAS_2023,
  author  = {Raupach, Timothy H. and Soderholm, Joshua S. and Warren, Robert A. and Sherwood, Steven C.},
  title   = {Changes in hail hazard across {A}ustralia: 1979-2021},
  journal = npjCAS,
  volume  = {6},
  number  = {1},
  pages   = {143},
  issn    = {2397-3722},
  doi     = {10.1038/s41612-023-00454-8},
  year    = {2023}
}

@article{Raupach_NREE_2021,
  author  = {Raupach, Timothy H. and Martius, Olivia and Allen, John T.
             and Kunz, Michael and Lasher-Trapp, Sonia and Mohr,
             Susanna and Rasmussen, Kristen L. and Trapp, Robert J.
             and Zhang, Qinghong},
  title   = {The effects of climate change on hailstorms},
  journal = NREE,
  volume  = 2,
  number  = 3,
  pages   = {213-226},
  issn    = {2662-138X},
  doi     = {10.1038/s43017-020-00133-9},
  year    = 2021
}

@misc{Raupach_software_2025,
  author = {Raupach, Timothy H. and Aldridge, Joanna},
  title  = {Software for ``Changes in hail damage potential in major {A}ustralian cities with global warming'', {G}ithub repository},
  year   = {2025},
  note   = {Accessed 8 January 2025},
  url    = {https://github.com/traupach/hist_future_hail/},
  type = {Software}
}

@misc{Raupach_xarray_parcel_github_2024,
  author = {Raupach, Timothy H.},
  title  = {xarray-enabled atmospheric air parcel calculations, Github repository},
  year   = {2023},
  note   = {Accessed 17 January 2024},
  url    = {https://github.com/traupach/xarray_parcel},
  type = {Software}
}

@software{Raupach_xarray_zenodo,
  author    = {Timothy H. Raupach},
  title     = {traupach/xarray\_parcel: v1.0.7},
  month     = jun,
  year      = 2023,
  publisher = {Zenodo},
  version   = {v1.0.7},
  doi       = {10.5281/zenodo.15081094},
  url       = {https://doi.org/10.5281/zenodo.15081094},
  type = {Software}
}

@software{Raupach_zenodo_2025,
  author    = {Raupach, Timothy H. and
               Aldridge, Joanna},
  title     = {Code for ``Changes in hail damage potential in
               major AustralianÂ cities with global warming''},
  month     = Mar,
  year      = 2025,
  publisher = {Zenodo},
  version   = {v1.0.1},
  doi       = {10.5281/zenodo.14618917},
  type = {Software}
}

@article{Schuster_AR_2006,
  title   = {Relationship between radar-derived hail kinetic energy and damage to insured buildings for severe hailstorms in {E}astern {A}ustralia},
  journal = AR,
  volume  = {81},
  number  = {3},
  pages   = {215-235},
  year    = {2006},
  issn    = {0169-8095},
  doi     = {10.1016/j.atmosres.2005.12.003},
  author  = {Sandra S. Schuster and Russell J. Blong and K. John McAneney}
}

@article{Singh_PNAS_2017,
  author  = {Singh, Martin S. and Kuang, Zhiming and Maloney, Eric D. and Hannah, Walter M. and Wolding, Brandon O.},
  title   = {Increasing potential for intense tropical and subtropical thunderstorms under global warming},
  journal = PNAS,
  volume  = {114},
  number  = {44},
  pages   = {11657-11662},
  doi     = {10.1073/pnas.1707603114},
  year    = {2017}
}

@techreport{Skamarock_2021,
  title       = {A Description of the Advanced Research {WRF} Version
                 4.3},
  author      = {William C. Skamarock and Joseph B. Klemp and Jimy
                 Dudhia and David O. Gill and Zhiquan Liu and Judith
                 Berner and Wei Wang and Jordan G. Powers and Michael
                 G. Duda and Dale Barker and Xiang-yu Huang},
  note        = {{NCAR} technical note NCAR/TN-556+STR},
  institution = {National Center for Atmospheric Research},
  address     = {Boulder, Colorado, USA},
  pages       = 162,
  year        = 2021,
  month       = 7,
  day         = 20,
  doi         = {10.5065/1dfh-6p97}
}

@incollection{Sobel_2018,
  title     = {Chapter 1 - Extreme Events: Trends and Risk Assessment Methodologies},
  editor    = {Zinta Zommers and Keith Alverson},
  booktitle = {Resilience},
  publisher = {Elsevier},
  pages     = {3-12},
  year      = {2018},
  isbn      = {978-0-12-811891-7},
  doi       = {10.1016/B978-0-12-811891-7.00001-3},
  author    = {Adam H. Sobel and Michael K. Tippett}
}

@misc{Soderholm_radar_data,
  title  = {{AURA} - Operational Radar Network Level 2 Archive},
  author = {J. Soderholm and V. Louf and A. Protat and R. Warren and J. Brook},
  year   = 2022,
  notes  = {Electronic dataset, National Computing Infrastructure},
  doi    = {10.25914/JJWZ-0F13}
}

@misc{Standards_2021,
  author = {{Standards Australia}},
  year   = 2021,
  title  = {{AS/NZS} 1170.2 Structural Design Actions, Part 2 Wind Actions},
  url    = {https://store.standards.org.au/product/as-nzs-1170-2-2021},
  note   = {accessed 22 July 2024}
}

@misc{Swissre_2021,
  url    = {https://www.swissre.com/australia_newzealand/insights/rockhampton--hail.html},
  note   = {Accessed 26 September 2024},
  title  = {Rockhampton Hail - A cautionary tale....},
  author = {Sheema Khurshed and Alison Kelly},
  year   = 2021
}

@article{Taszarek_npjCAS_2021,
  author  = {Taszarek, Mateusz and Allen, John T. and Marchio, Mattia and Brooks, Harold E.},
  title   = {Global climatology and trends in convective environments from {ERA5} and rawinsonde data},
  journal = npjCAS,
  volume  = {4},
  number  = {1},
  pages   = {35},
  issn    = {2397-3722},
  doi     = {10.1038/s41612-021-00190-x},
  year    = {2021}
}

@article{Towery_JAMC_1976,
  author    = {Neil G.  Towery and Griffith M.  Morgan  and Stanley A.  Changnon },
  title     = {Examples of the Wind Factor in Crop-Hail Damage},
  journal   = JAMC,
  year      = {1976},
  publisher = {American Meteorological Society},
  address   = {Boston MA, USA},
  volume    = {15},
  number    = {10},
  doi       = {10.1175/1520-0450(1976)015<1116:EOTWFI>2.0.CO;2},
  pages     = {1116 - 1120}
}

@article{Walsh_CC_2016,
  author  = {Walsh, Kevin and White, Christopher J. and McInnes, Kathleen and Holmes, John and Schuster, Sandra and Richter, Harald and Evans, Jason P. and Di Luca, Alejandro and Warren, Robert A.},
  title   = {Natural hazards in {A}ustralia: storms, wind and hail},
  journal = CC,
  volume  = {139},
  number  = {1},
  pages   = {55-67},
  issn    = {1573-1480},
  doi     = {10.1007/s10584-016-1737-7},
  year    = {2016}
}

@manual{Wang_2022,
  author = {Wei Wang and Cindy Bruy\`ere and Michael Duda and Jimy Dudhia and Dave Gill and Michael Kavulich and Kelly Werner and Ming Chen and Hui-Chuan Lin and John Michalakes and Syed Rizvi and Xin Zhang and Judith Berner and Domingo Munoz-Esparza and Brian Reen and Soyoung Ha and Kate Fossell},
  title  = {User's Guide for the {A}dvanced {R}esearch {WRF} ({ARW}) Modeling System Version 4.4},
  url    = {https://www2.mmm.ucar.edu/wrf/users/docs/user_guide_v4/v4.4/contents.html},
  year   = {2022},
  note   = {Accessed 27 June 2024}
}

@article{Wang_JGRA_2020,
  author  = {Wang, Di\'e and Giangrande, Scott E. and Feng, Zhe and Hardin, Joseph C. and Prein, Andreas F.},
  title   = {Updraft and Downdraft Core Size and Intensity as Revealed by Radar Wind Profilers: {MCS} Observations and Idealized Model Comparisons},
  journal = JGRA,
  volume  = {125},
  number  = {11},
  pages   = {e2019JD031774},
  doi     = {10.1029/2019JD031774},
  note    = {e2019JD031774 10.1029/2019JD031774},
  year    = {2020}
}

@article{Warren_QJRMS_2020,
  author  = {Warren, Robert A. and Ramsay, Hamish A. and Siems, Steven T. and Manton, Michael J. and Peter, Justin R. and Protat, Alain and Pillalamarri, Anu},
  title   = {Radar-based climatology of damaging hailstorms in {B}risbane and {S}ydney, {A}ustralia},
  journal = QJRMS,
  volume  = {146},
  number  = {726},
  pages   = {505-530},
  issn    = {1477-870X},
  doi     = {10.1002/qj.3693},
  year    = {2020}
}

@article{Witt_WF_1998,
  author  = {Witt, Arthur and Eilts, Michael D. and Stumpf, Gregory J. and Johnson, J. T. and Mitchell, E. De Wayne and Thomas, Kevin W.},
  title   = {An Enhanced Hail Detection Algorithm for the {WSR-88D}},
  journal = {Weather and Forecasting},
  volume  = {13},
  number  = {2},
  pages   = {286-303},
  doi     = {10.1175/1520-0434(1998)013<0286:AEHDAF>2.0.CO;2},
  year    = {1998}
}

@misc{Xu_code_data_2021,
  author    = {Zhongfeng Xu and Ying Han and Chi-Yung Tam and Zong-Liang Yang and Congbin Fu},
  title     = {Bias-corrected {CMIP6} global dataset for dynamical downscaling of the {E}arth's historical and future climate (1979-2100)},
  year      = 2021,
  month     = jan,
  publisher = {Science Data Bank},
  version   = {V4},
  doi       = {10.11922/sciencedb.00487},
  type = {Dataset}
}

@article{Xu_SD_2021,
  author  = {Xu, Zhongfeng and Han, Ying and Tam, Chi-Yung and Yang, Zong-Liang and Fu, Congbin},
  title   = {Bias-corrected {CMIP6} global dataset for dynamical downscaling of the historical and future climate (1979â€“2100)},
  journal = SD,
  volume  = {8},
  number  = {1},
  pages   = {293},
  issn    = {2052-4463},
  doi     = {10.1038/s41597-021-01079-3},
  year    = {2021}
}

@article{Zhang_JC_2017,
  author    = {Chunxi Zhang and Yuqing Wang},
  title     = {Projected Future Changes of Tropical Cyclone Activity over the {W}estern {N}orth and {S}outh {P}acific in a 20-km-Mesh Regional Climate Model},
  journal   = JC,
  year      = {2017},
  publisher = {American Meteorological Society},
  address   = {Boston MA, USA},
  volume    = {30},
  number    = {15},
  doi       = {10.1175/JCLI-D-16-0597.1},
  pages     = {5923 - 5941}
}

@article{Grieser_JAMC_2019,
  title={How to express hail intensity -- modeling the hailstone size distribution},
  author={Grieser, Juergen and Hill, Marc},
  journal=JAMC,
  volume={58},
  number={10},
  pages={2329--2345},
  year={2019},
  doi={10.1175/JAMC-D-18-0334.1}
}