@string{AAS={Adv Atmos Sci}}
@string{ACP={Atmos Chem Phys}}
@string{AR={Atmos Res}}
@string{ASL={Atmos Sci Lett}}
@string{ATMOS={Atmosphere-Basel}}
@string{BAMS={B Am Meteorol Soc}}
@string{BLM={Bound-Lay Meteorol}}
@string{BRM={Behav Res Methods}}
@string{BT={Biometrika}}
@string{CC={Climatic Change}}
@string{CD={Clim Dyn}}
@string{EH={Environ Hazards}}
@string{EJSSM={E-J Severe Storms Meteorol}}
@string{GEC={Glob Environ Change}}
@string{GMD={Geosci Model Dev}}
@string{GRL={Geophys Res Lett}}
@string{IJC={Int J Climatol}}
@string{JAS={J Atmos Sci}}
@string{JAMC={J Appl Meteorol}}
@string{JAMES={J Adv Model Earth Sy}}
@string{JAOT={J Atmos Ocean Tech}}
@string{JC={J Climate}}
@string{JCAM={J Clim Appl Meteorol}}
@string{JGR={J Geophys Res}}
@string{JGRA={J Geophys Res-Atmos}}
@string{JORS={J Open Res Softw}}
@string{JSS={J Stat Softw}}
@string{MA={Meteorol Appl}}
@string{MAP={Meteorol Atmos Phys}}
@string{MWR={Mon Weather Rev}}
@string{MZ={Meteorol Z}}
@string{NC={Nat Commun}}
@string{NCC={Nat Clim Change}}
@string{NH={Nat Hazards}}
@string{NHESS={Nat Hazards Earth Sys}}
@string{npjCAS={npj Clim Atmos Sci}}
@string{NREE={Nat Rev Earth Environ}}
@string{PNAS={P Natl Acad Sci USA}}
@string{QJRMS={Q J Roy Meteor Soc}}
@string{REE={Resour Energy Econ}}
@string{RG={Rev Geophys}}
@string{SD={Sci Data}}
@string{WCS={Weather Clim Soc}}
@string{WCE={Weather Clim Extremes}}
@string{WF={Weather Forecast}}
@string{WIRESCS={WIREs Comput Stat}}

@article{Eyring_GMD_2016,
  author  = {Eyring, V. and Bony, S. and Meehl, G. A. and Senior, C. A. and Stevens, B. and Stouffer, R. J. and Taylor, K. E.},
  title   = {Overview of the {Coupled Model Intercomparison Project Phase 6 (CMIP6})
             experimental design and organization},
  journal = GMD,
  volume  = {9},
  year    = {2016},
  number  = {5},
  pages   = {1937--1958},
  doi     = {10.5194/gmd-9-1937-2016}
}

@article{Hersbach_QJRMS_2020,
  author  = {Hersbach, Hans and Bell, Bill and Berrisford, Paul and
             Hirahara, Shoji and Hor\'anyi, Andr\'as and Mu\~noz-Sabater,
             Joaqu\'in and Nicolas, Julien and Peubey, Carole and Radu, Raluca and
             Schepers, Dinand and Simmons, Adrian and Soci, Cornel and Abdalla,
             Saleh and Abellan, Xavier and Balsamo, Gianpaolo and Bechtold,
             Peter and Biavati, Gionata and Bidlot, Jean and Bonavita, Massimo and
             De Chiara, Giovanna and Dahlgren, Per and Dee, Dick and Diamantakis,
             Michail and Dragani, Rossana and Flemming, Johannes and
             Forbes, Richard and Fuentes, Manuel and Geer, Alan and
             Haimberger, Leo and Healy, Sean and Hogan, Robin J. and H\'olm, El\'ias
             and Janiskov\'a, Marta and Keeley, Sarah and Laloyaux, Patrick and
             Lopez, Philippe and Lupu, Cristina and Radnoti, Gabor and de Rosnay,
             Patricia and Rozum, Iryna and Vamborg, Freja and Villaume, Sebastien and
             Th\'epaut, Jean-No\"el},
  title   = {The {ERA5} global reanalysis},
  journal = QJRMS,
  volume  = {146},
  number  = {730},
  pages   = {1999-2049},
  issn    = {0035-9009},
  doi     = {https://doi.org/10.1002/qj.3803},
  year    = {2020}
}

@article{Hong_MWR_2006,
  author    = {Song-You Hong and Yign Noh and Jimy Dudhia},
  title     = {A New Vertical Diffusion Package with an Explicit Treatment of Entrainment Processes},
  journal   = MWR,
  year      = {2006},
  publisher = {American Meteorological Society},
  address   = {Boston MA, USA},
  volume    = {134},
  number    = {9},
  doi       = {10.1175/MWR3199.1},
  pages     = {2318 - 2341}
}

@article{Iacono_JGRA_2008,
  author  = {Iacono, Michael J. and Delamere, Jennifer S. and Mlawer, Eli J. and Shephard, Mark W. and Clough, Shepard A. and Collins, William D.},
  title   = {Radiative forcing by long-lived greenhouse gases: Calculations with the {AER} radiative transfer models},
  journal = JGRA,
  volume  = {113},
  number  = {D13},
  pages   = {},
  doi     = {10.1029/2008JD009944},
  year    = {2008}
}

@article{Jimenez_MWR_2012,
  author    = {Pedro A. Jim\'enez and Jimy Dudhia and J. Fidel Gonz\'alez-Rouco and Jorge Navarro and Juan P. Mont\'avez and Elena Garc\'ia-Bustamante},
  title     = {A Revised Scheme for the WRF Surface Layer Formulation},
  journal   = MWR,
  year      = {2012},
  publisher = {American Meteorological Society},
  address   = {Boston MA, USA},
  volume    = {140},
  number    = {3},
  doi       = {10.1175/MWR-D-11-00056.1},
  pages     = {898 - 918}
}

@article{Milbrandt_JAS_2021,
  author    = {Jason A. Milbrandt and Hugh Morrison and Daniel T. Dawson {II} and Marco Paukert},
  title     = {A Triple-Moment Representation of Ice in the Predicted Particle Properties ({P3}) Microphysics Scheme},
  journal   = JAS,
  year      = {2021},
  publisher = {American Meteorological Society},
  address   = {Boston MA, USA},
  volume    = {78},
  number    = {2},
  doi       = {10.1175/JAS-D-20-0084.1},
  pages     = {439 - 458}
}

@article{Niu_JGRA_2011,
  author  = {Niu, Guo-Yue and Yang, Zong-Liang and Mitchell, Kenneth E. and Chen, Fei and Ek, Michael B. and Barlage, Michael and Kumar, Anil and Manning, Kevin and Niyogi, Dev and Rosero, Enrique and Tewari, Mukul and Xia, Youlong},
  title   = {The community {N}oah land surface model with multiparameterization options ({Noah-MP}): 1. Model description and evaluation with local-scale measurements},
  journal = JGRA,
  volume  = {116},
  number  = {D12},
  doi     = {10.1029/2010JD015139},
  year    = {2011}
}

@article{ONeill_GEC_2017,
  title   = {The roads ahead: Narratives for shared socioeconomic pathways describing world futures in the 21st century},
  journal = GEC,
  volume  = {42},
  pages   = {169-180},
  year    = {2017},
  issn    = {0959-3780},
  doi     = {10.1016/j.gloenvcha.2015.01.004},
  author  = {Brian C. O’Neill and Elmar Kriegler and Kristie L. Ebi and Eric Kemp-Benedict and Keywan Riahi and Dale S. Rothman and Bas J. {van Ruijven} and Detlef P. {van Vuuren} and Joern Birkmann and Kasper Kok and Marc Levy and William Solecki}
}

@techreport{Skamarock_2021,
  title       = {A Description of the Advanced Research {WRF} Version
                 4.3},
  author      = {William C. Skamarock and Joseph B. Klemp and Jimy
                 Dudhia and David O. Gill and Zhiquan Liu and Judith
                 Berner and Wei Wang and Jordan G. Powers and Michael
                 G. Duda and Dale Barker and Xiang-yu Huang},
  note        = {{NCAR} technical note NCAR/TN-556+STR},
  institution = {National Center for Atmospheric Research},
  address     = {Boulder, Colorado, USA},
  pages       = 162,
  year        = 2021,
  month       = 7,
  day         = 20,
  doi         = {10.5065/1dfh-6p97}
}

@Manual{Wang_2022,
  author = {Wei Wang and Cindy Bruy\`ere and Michael Duda and Jimy Dudhia and Dave Gill and Michael Kavulich and Kelly Werner and Ming Chen and Hui-Chuan Lin and John Michalakes and Syed Rizvi and Xin Zhang and Judith Berner and Domingo Munoz-Esparza and Brian Reen and Soyoung Ha and Kate Fossell},
  title  = {User's Guide for the {A}dvanced {R}esearch {WRF} ({ARW}) Modeling System Version 4.4},
  url    = {https://www2.mmm.ucar.edu/wrf/users/docs/user_guide_v4/v4.4/contents.html},
  year   = {2022},
  note   = {Accessed 27 June 2024}
}

@article{Xu_SD_2021,
  author  = {Xu, Zhongfeng and Han, Ying and Tam, Chi-Yung and Yang, Zong-Liang and Fu, Congbin},
  title   = {Bias-corrected CMIP6 global dataset for dynamical downscaling of the historical and future climate (1979–2100)},
  journal = SD,
  volume  = {8},
  number  = {1},
  pages   = {293},
  issn    = {2052-4463},
  doi     = {10.1038/s41597-021-01079-3},
  year    = {2021}
}

@article{Zhang_JC_2017,
  author    = {Chunxi Zhang and Yuqing Wang},
  title     = {Projected Future Changes of Tropical Cyclone Activity over the {W}estern {N}orth and {S}outh {P}acific in a 20-km-Mesh Regional Climate Model},
  journal   = JC,
  year      = {2017},
  publisher = {American Meteorological Society},
  address   = {Boston MA, USA},
  volume    = {30},
  number    = {15},
  doi       = {10.1175/JCLI-D-16-0597.1},
  pages     = {5923 - 5941}
}

@article{Gilleland_JSS_2016,
    title = {{extRemes} 2.0: An Extreme Value Analysis Package in {R}},
    author = {Eric Gilleland and Richard W. Katz},
    journal = JSS,
    year = {2016},
    volume = {72},
    number = {8},
    pages = {1--39},
    doi = {10.18637/jss.v072.i08},
}

@Manual{R_software,
title = {R: A Language and Environment for Statistical Computing},
author = {{R Core Team}},
organization = {R Foundation for Statistical Computing},
address = {Vienna, Austria},
year = {2023},
url = {https://www.R-project.org/},
}

@misc{Xu_code_data_2021,
  author       = {Zhongfeng Xu and Ying Han and Chi-Yung Tam and Zong-Liang Yang and Congbin Fu},
  title        = {Bias-corrected {CMIP6} global dataset for dynamical downscaling of the {E}arth's historical and future climate (1979-2100)},
  year         = 2021,
  month        = jan,
  publisher    = {Science Data Bank},
  version      = {V4},
  doi          = {10.11922/sciencedb.00487}
}

@article{Adams-Selin_WF_2019,
   author = {Adams-Selin, Rebecca D. and Clark, Adam J. and Melick, Christopher J. and Dembek, Scott R. and Jirak, Israel L. and Ziegler, Conrad L.},
   title = {Evolution of {WRF-HAILCAST} during the 2014–16 {NOAA}/{H}azardous {W}eather {T}estbed Spring Forecasting Experiments},
   journal = WF,
   volume = {34},
   number = {1},
   pages = {61-79},
   ISSN = {0882-8156},
   DOI = {10.1175/waf-d-18-0024.1},
   year = {2019},
}

@book{Coles_2001,
  title={An introduction to statistical modeling of extreme values},
  author={Coles, Stuart},
  pages = {XIV, 209},
  year={2001},
  publisher={Springer London},
  isbn = {978-1-85233-459-8},
  edition = {1},
  doi = {10.1007/978-1-4471-3675-0}
}